@phdthesis{peek2016making,
  title={Making machines that make: object-oriented hardware meets object-oriented software},
  author={Peek, Nadya Nadya Meile},
  year={2016},
  school={Massachusetts Institute of Technology}
}

@article{nise2011control,
  title={Control system engineering, John Wiley \& Sons},
  author={Nise, Norman S},
  journal={Inc, New York},
  year={2011}
}

@book{aastrom2006advanced,
  title={Advanced PID control},
  author={{\AA}str{\"o}m, Karl Johan and H{\"a}gglund, Tore},
  year={2006},
  publisher={ISA-The Instrumentation, Systems and Automation Society}
}

@misc{reprap2016pid,
  author       = {Reprap},
  title        = {{PID tuning}},
  howpublished = {\url{http://reprap.org/wiki/PID_Tuning}},
  year         = {2016},
  note         = {accessed: 2017-11-25},
  keywords = {reprap, pid, 3d printing}
}

@misc{slic3r2018repo,
  author       = {Alessandro Ranelluci},
  title        = {{Slic3r Github repository}},
  howpublished = {\url{https://github.com/slic3r/Slic3r}},
  year         = {2011},
  note         = {accessed: 2018-05-25},
  keywords = {slicer, 3d printing}
}

@misc{slic3r2018svgviewer,
  author       = {Gary Hodgson},
  title        = {{Slic3r SVG viewer}},
  howpublished = {\url{http://garyhodgson.github.io/slic3rsvgviewer}},
  year         = {2016},
  note         = {accessed: 2018-05-30},
  keywords = {slicer, 3d printing}
}
@misc{svgpath2018,
  author       = {W3C},
  title        = {{SVG Path}},
  howpublished = {\url{https://www.w3schools.com/graphics/svg_path.asp}},
  year         = {2016},
  note         = {accessed: 2018-06-05},
  keywords = {slicer, 3d printing}
}

@book{gregory1998special,
  title={Special edition using visual C++ 6},
  author={Gregory, Kate},
  year={1998},
  publisher={Que USA}
}
@article{wang2002direct,
author = {Wang, X. and Laoui, Tahar and Bonse, J. and Kruth, Jean-Pierre and Lauwers, Bert and Froyen, L.},
year = {2002},
month = {03},
pages = {351-357},
title = {Direct Selective Laser Sintering of Hard Metal Powders: Experimental Study and Simulation},
volume = {19},
journal = {International Journal of Advanced Manufacturing Technology},
doi = {10.1007/s001700200024}
}
@misc{freecad,
  author       = {FreeCAD team},
  title        = {{FreeCAD: 3D parametric modeler}},
  howpublished = {\url{https://www.freecadweb.org/}},
  year         = {2016},
  note         = {accessed: 2019-10-31},
  keywords = {cad}
}
@misc{grbl,
  author       = {Grbl team},
  title        = {{Grbl: Open-source CNC G-Code parser and controller}},
  howpublished = {\url{https://github.com/gnea/grbl/wiki}},
  year         = {2019},
  note         = {accessed: 2019-10-31},
  keywords = {cad}
}
@book{fowler2010domain,
  title={Domain-specific languages},
  author={Fowler, Martin},
  year={2010},
  publisher={Pearson Education}
}
@misc{markup2019webster,
  author       = {Merriam-Webster},
  title        = {{Markup language defintion}},
  howpublished = {\url{https://www.merriam-webster.com/dictionary/markup\%20language}},
  year         = {2019},
  note         = {accessed: 2019-10-31},
  keywords = {cad}
}
@misc{svg2Specs,
  author       = {World Wide Web Consortium (W3C)},
  title        = {{Scalable Vector Graphics (SVG) 2: W3C Candidate Recommendation 04 October 2018}},
  howpublished = {\url{https://www.w3.org/TR/SVG2/}},
  year         = {2019},
  note         = {accessed: 2019-05-31},
  keywords = {cad}
}
https://www.w3.org/TR/SVG2/

@article{rinku2013design,
  title={DESIGN AND IMPLEMENTATION OF FREE RTOS BASED ONLINE DATA ACQUISITION AND CONTROLLING SYSTEM USING CORTEX M3CORE},
  author={Rinku, Dhruva R},
  year={2013},
  publisher={Citeseer}
}
%
% =========================== REPORT ============================================
@book{huang2007bluetooth,
  title={Bluetooth essentials for programmers},
  author={Huang, Albert S and Rudolph, Larry},
  year={2007},
  publisher={Cambridge University Press}
}
% 6
@book{carne2004professional,
  title={A professional's guide to data communication in a TCP/IP world},
  author={Carne, E Bryan},
  year={2004},
  publisher={Artech House}
}
% 7
@article{wright1995tcp,
  title={TCP/IP illustrated. Vol. 2: The implementation},
  author={Wright, Gary R and Stevens, W Richard},
  journal={tii},
  year={1995}
}
% 8
@book{kerrisk2010linux,
  title={The Linux programming interface: a Linux and UNIX system programming handbook},
  author={Kerrisk, Michael},
  year={2010},
  publisher={No Starch Press}
}
%
@misc{v4l2-headers,
title={Video for Linux 2 (V4L2) headers in Linux Kernel code},
url={https://github.com/raspberrypi/linux/blob/rpi-4.4.y/include/uapi/linux/videodev2.h#L468},
journal={Github for Linux Kernel},
publisher={Github for Linux Kernel},
  note={accessed: 2020-07-02},
}
%
@misc{webcam-bypass,
title={Webcam passthrough for VirtualBox},
url={https://docs.oracle.com/en/virtualization/virtualbox/6.0/admin/webcam-passthrough.html},
journal={Oracle Administrator's Guide for Release 6.0},
publisher={Oracle},
  note={accessed: 2020-07-02},
}
%
@misc{conv-UYVY-jpg,
title={ConvertIO: online image converter},
url={https://convertio.co/pt/jpg-converter/},
journal={ConvertIO},
publisher={ConvertIO},
  note={accessed: 2020-07-12},
}
%
@book{bicho2000dynamic,
  title={Dynamic Approach to Behavior-Based Robotics: design, specification, analysis, simulation and implementation},
  author={Bicho, Estela},
  year={2000},
  publisher={Shaker Verlag}
}
%
@article{bicho1997dynamic,
  title={The dynamic approach to autonomous robotics demonstrated on a low-level vehicle platform},
  author={Bicho, Estela and Sch{\"o}ner, Gregor},
  journal={Robotics and autonomous systems},
  volume={21},
  number={1},
  pages={23--35},
  year={1997},
  publisher={Elsevier}
}
@article{sommerville2011software,
  title={Software engineering 9th Edition},
  author={Sommerville, Ian},
  journal={ISBN-10},
  volume={137035152},
  pages={18},
  year={2011}
}

@misc{tvsellings,
title={LCD TV shipments worldwide by vendor 2015-2019},
url={https://www.statista.com/statistics/668519/lcd-tv-shipments-worldwide-by-vendor/},
journal={Statista},
publisher={Lionel Sujay Vailshery },
  note={accessed: 2021-10-11},
}

@misc{btncode,
title={Infrared Remote Controls: The Process},
url={https://electronics.howstuffworks.com/remote-control2.htm},
journal={howstuffworks},
publisher={Julia Layton},
  note={accessed: 2021-10-11},
}

@misc{remotematerial,
title={Infrared Remote Controls: Inside},
url={https://electronics.howstuffworks.com/remote-control1.htm},
publisher={Julia Layton},
  note={accessed: 2021-10-11},
}

@misc{rasp-lirc,
title={Using an IR remote with a Raspberry Pi media center},
url={https://learn.adafruit.com/using-an-ir-remote-with-a-raspberry-pi-media-center},
publisher={Adafruit},
  note={accessed: 2021-10-11},
}
@misc{lirc,
title={Linux Infrared Remote Control},
url={https://www.lirc.org/},
publisher={LIRC},
  note={accessed: 2021-10-11},
}
% +++++++++++++++++++++++  END ==============================

